Month,Sales
2016-01,266
2016-02,146
2016-03,183
2016-04,119
2016-05,180
2016-06,169
2016-07,232
2016-08,225
2016-09,193
2016-10,123
2016-11,337
2016-12,186
2017-01,194
2017-02,150
2017-03,210
2017-04,273
2017-05,191
2017-06,287
2017-07,226
2017-08,304
2017-09,290
2017-10,422
2017-11,265
2017-12,342
2018-01,340
2018-02,440
2018-03,316
2018-04,439
2018-05,401
2018-06,390
2018-07,490
2018-08,408
2018-09,490
2018-10,420
2018-11,520
2018-12,480